<record><leader>00000cas a22000007a 4500</leader><controlfield tag="001">7726059</controlfield><controlfield tag="008">810903d18421897meuwr ne      0   a0eng d</controlfield><datafield ind1=" " ind2=" " tag="010"><subfield code="a">sn 84025746 </subfield></datafield><datafield ind1=" " ind2=" " tag="040"><subfield code="a">BTI</subfield><subfield code="b">eng</subfield><subfield code="c">BTI</subfield><subfield code="d">NPV</subfield><subfield code="d">MGN</subfield><subfield code="d">OCL</subfield><subfield code="d">DLC</subfield><subfield code="d">OCLCF</subfield><subfield code="d">OCLCO</subfield></datafield><datafield ind1=" " ind2=" " tag="019"><subfield code="a">11616709</subfield></datafield><datafield ind1="1" ind2=" " tag="029"><subfield code="a">AU@</subfield><subfield code="b">000020120162</subfield></datafield><datafield ind1=" " ind2=" " tag="042"><subfield code="a">msc</subfield></datafield><datafield ind1=" " ind2=" " tag="043"><subfield code="a">n-us-me</subfield></datafield><datafield ind1=" " ind2=" " tag="090"><subfield code="a">BX9901</subfield></datafield><datafield ind1="0" ind2=" " tag="130"><subfield code="a">Gospel banner (Augusta, Me.)</subfield></datafield><datafield ind1="0" ind2="0" tag="245"><subfield code="a">Gospel banner.</subfield></datafield><datafield ind1="1" ind2="7" tag="246"><subfield code="a">Gospel banner and Maine family visitant</subfield><subfield code="f">&lt;June 7, 1851-Sept. 12, 1863&gt;</subfield></datafield><datafield ind1="1" ind2="7" tag="246"><subfield code="a">Gospel banner and family visitant</subfield><subfield code="f">&lt;Jan. 9, 1864-Aug. 7, 1890&gt;</subfield></datafield><datafield ind1="1" ind2="7" tag="246"><subfield code="a">New England plough boy and domestic economist</subfield><subfield code="f">July 30, 1842-&lt;Mar. 28, 1846&gt;</subfield></datafield><datafield ind1=" " ind2=" " tag="260"><subfield code="a">Augusta, Me. :</subfield><subfield code="b">W.A. Drew,</subfield><subfield code="c">1842-1897.</subfield></datafield><datafield ind1=" " ind2=" " tag="300"><subfield code="a">v.</subfield></datafield><datafield ind1=" " ind2=" " tag="310"><subfield code="a">Weekly</subfield></datafield><datafield ind1="0" ind2=" " tag="362"><subfield code="a">Vol. 8, no. 1 (July 30, 1842)-v. 63, no. 44 (Nov. 4, 1897).</subfield></datafield><datafield ind1=" " ind2=" " tag="500"><subfield code="a">"A religious family paper: devoted to universalism, moral reform, literature, education, agriculture, and news."</subfield></datafield><datafield ind1=" " ind2=" " tag="500"><subfield code="a">Publisher: Geo. W. Quinby, &lt;Apr. 29, 1871-&gt;</subfield></datafield><datafield ind1=" " ind2="0" tag="650"><subfield code="a">Universalism</subfield><subfield code="v">Newspapers.</subfield></datafield><datafield ind1=" " ind2="0" tag="651"><subfield code="a">Augusta (Me.)</subfield><subfield code="v">Newspapers.</subfield></datafield><datafield ind1=" " ind2="7" tag="655"><subfield code="a">Newspapers.</subfield><subfield code="2">fast</subfield><subfield code="0">(OCoLC)fst01423814</subfield></datafield><datafield ind1=" " ind2="7" tag="650"><subfield code="a">Universalism.</subfield><subfield code="2">fast</subfield><subfield code="0">(OCoLC)fst01161574</subfield></datafield><datafield ind1=" " ind2="7" tag="651"><subfield code="a">Maine</subfield><subfield code="z">Augusta.</subfield><subfield code="2">fast</subfield><subfield code="0">(OCoLC)fst01209573</subfield></datafield><datafield ind1=" " ind2=" " tag="752"><subfield code="a">United States</subfield><subfield code="b">Maine</subfield><subfield code="c">Kennebec</subfield><subfield code="d">Augusta.</subfield></datafield><datafield ind1="0" ind2="0" tag="780"><subfield code="t">Gospel banner and Maine christian pilotdw (DLC)sn 85054020 w (OCoLC)11616642</subfield></datafield><datafield ind1="0" ind2="5" tag="780"><subfield code="t">Religious instructor (Portland, Me.)</subfield><subfield code="g">1850</subfield></datafield><datafield ind1="0" ind2="4" tag="785"><subfield code="t">Christian leader (New York, N.Y.)</subfield><subfield code="w">(OCoLC)7788065</subfield><subfield code="w">(DLC)sn 77021991</subfield></datafield></record>